@inbook{nis07,
  place     = {Cambridge},
  title     = {Introduction to Mechanism Design (for Computer Scientists)},
  doi       = {10.1017/CBO9780511800481.011},
  booktitle = {Algorithmic Game Theory},
  publisher = {Cambridge University Press},
  author    = {Nisan, Noam},
  editor    = {Nisan, Noam and Roughgarden, Tim and Tardos, Eva and Vazirani, Vijay V.Editors},
  year      = {2007},
  pages     = {209–242}
}

@book{ste08,
  author = {Steimle, Jürgen},
  year   = {2008},
  month  = {01},
  pages  = {},
  title  = {Algorithmic Mechanism Design: Eine Einführung},
  isbn   = {978-3-540-76401-4},
  doi    = {10.1007/978-3-540-76402-1}
}

@article{fey14,
  author  = {Fey, M.},
  year    = {2014},
  month   = {01},
  pages   = {1792-1797},
  title   = {A straightforward proof of Arrow's theorem},
  volume  = {34},
  journal = {Economics Bulletin}
}

@article{lov21,
  title   = {Lane and speed allocation mechanism for autonomous vehicle agents on a multi-lane highway},
  journal = {Internet of Things},
  volume  = {13},
  pages   = {100356},
  year    = {2021},
  issn    = {2542-6605},
  doi     = {https://doi.org/10.1016/j.iot.2020.100356},
  url     = {https://www.sciencedirect.com/science/article/pii/S2542660520301876},
  author  = {Ellie Lovellette and Henry Hexmoor}
}